@article{vinyals2015neural,
  title={A neural conversational model},
  author={Vinyals, Oriol and Le, Quoc},
  journal={arXiv preprint arXiv:1506.05869},
  year={2015}
}

@article{li2015diversity,
	title={A diversity-promoting objective function for neural conversation models},
	author={Li, Jiwei and Galley, Michel and Brockett, Chris and Gao, Jianfeng and Dolan, Bill},
	journal={arXiv preprint arXiv:1510.03055},
	year={2015}
}

@article{serban2016generative,
	title={Generative deep neural networks for dialogue: A short review},
	author={Serban, Iulian Vlad and Lowe, Ryan and Charlin, Laurent and Pineau, Joelle},
	journal={arXiv preprint arXiv:1611.06216},
	year={2016}
}

@article{serban2015survey,
	title={A survey of available corpora for building data-driven dialogue systems},
	author={Serban, Iulian Vlad and Lowe, Ryan and Henderson, Peter and Charlin, Laurent and Pineau, Joelle},
	journal={arXiv preprint arXiv:1512.05742},
	year={2015}
}

@article{moghe2018towards,
	title={Towards Exploiting Background Knowledge for Building Conversation Systems},
	author={Moghe, Nikita and Arora, Siddhartha and Banerjee, Suman and Khapra, Mitesh M},
	journal={arXiv preprint arXiv:1809.08205},
	year={2018}
}

@article{zhang2018personalizing,
	title={Personalizing Dialogue Agents: I have a dog, do you have pets too?},
	author={Zhang, Saizheng and Dinan, Emily and Urbanek, Jack and Szlam, Arthur and Kiela, Douwe and Weston, Jason},
	journal={arXiv preprint arXiv:1801.07243},
	year={2018}
}

@article{haldar2011levenshtein,
	title={Levenshtein distance technique in dictionary lookup methods: An improved approach},
	author={Haldar, Rishin and Mukhopadhyay, Debajyoti},
	journal={arXiv preprint arXiv:1101.1232},
	year={2011}
}

@article{miller2016key,
	title={Key-value memory networks for directly reading documents},
	author={Miller, Alexander and Fisch, Adam and Dodge, Jesse and Karimi, Amir-Hossein and Bordes, Antoine and Weston, Jason},
	journal={arXiv preprint arXiv:1606.03126},
	year={2016}
}

@article{shao2017generating,
	title={Generating high-quality and informative conversation responses with sequence-to-sequence models},
	author={Shao, Louis and Gouws, Stephan and Britz, Denny and Goldie, Anna and Strope, Brian and Kurzweil, Ray},
	journal={arXiv preprint arXiv:1701.03185},
	year={2017}
}

@inproceedings{vaswani2017attention,
	title={Attention is all you need},
	author={Vaswani, Ashish and Shazeer, Noam and Parmar, Niki and Uszkoreit, Jakob and Jones, Llion and Gomez, Aidan N and Kaiser, {\L}ukasz and Polosukhin, Illia},
	booktitle={Advances in Neural Information Processing Systems},
	pages={5998--6008},
	year={2017}
}

@inproceedings{kumar2016ask,
	title={Ask me anything: Dynamic memory networks for natural language processing},
	author={Kumar, Ankit and Irsoy, Ozan and Ondruska, Peter and Iyyer, Mohit and Bradbury, James and Gulrajani, Ishaan and Zhong, Victor and Paulus, Romain and Socher, Richard},
	booktitle={International Conference on Machine Learning},
	pages={1378--1387},
	year={2016}
}

@article{wolf2019transfertransfo,
	title={TransferTransfo: A Transfer Learning Approach for Neural Network Based Conversational Agents},
	author={Wolf, Thomas and Sanh, Victor and Chaumond, Julien and Delangue, Clement},
	journal={arXiv preprint arXiv:1901.08149},
	year={2019}
}

@article{dunbar1997human,
	title={Human conversational behavior},
	author={Dunbar, Robin IM and Marriott, Anna and Duncan, Neil DC},
	journal={Human nature},
	volume={8},
	number={3},
	pages={231--246},
	year={1997},
	publisher={Springer}
}

@inproceedings{sutskever2014sequence,
	title={Sequence to sequence learning with neural networks},
	author={Sutskever, Ilya and Vinyals, Oriol and Le, Quoc V},
	booktitle={Advances in neural information processing systems},
	pages={3104--3112},
	year={2014}
}

@article{li2016neural,
	title={Neural net models for open-domain discourse coherence},
	author={Li, Jiwei and Jurafsky, Dan},
	journal={arXiv preprint arXiv:1606.01545},
	year={2016}
}

@article{radford2018improving,
	title={Improving language understanding by generative pre-training},
	author={Radford, Alec and Narasimhan, Karthik and Salimans, Tim and Sutskever, Ilya},
	journal={URL https://s3-us-west-2. amazonaws. com/openai-assets/research-covers/languageunsupervised/language understanding paper. pdf},
	year={2018}
}

@article{dinan2019second,
	title={The Second Conversational Intelligence Challenge (ConvAI2)},
	author={Dinan, Emily and Logacheva, Varvara and Malykh, Valentin and Miller, Alexander and Shuster, Kurt and Urbanek, Jack and Kiela, Douwe and Szlam, Arthur and Serban, Iulian and Lowe, Ryan and others},
	journal={arXiv preprint arXiv:1902.00098},
	year={2019}
}

@inproceedings{sukhbaatar2015end,
	title={End-to-end memory networks},
	author={Sukhbaatar, Sainbayar and Weston, Jason and Fergus, Rob and others},
	booktitle={Advances in neural information processing systems},
	pages={2440--2448},
	year={2015}
}

@article{laranjo2018conversational,
	title={Conversational agents in healthcare: a systematic review},
	author={Laranjo, Liliana and Dunn, Adam G and Tong, Huong Ly and Kocaballi, Ahmet Baki and Chen, Jessica and Bashir, Rabia and Surian, Didi and Gallego, Blanca and Magrabi, Farah and Lau, Annie YS and others},
	journal={Journal of the American Medical Informatics Association},
	volume={25},
	number={9},
	pages={1248--1258},
	year={2018},
	publisher={Oxford University Press}
}

@article{wolters2016designing,
	title={Designing a spoken dialogue interface to an intelligent cognitive assistant for people with dementia},
	author={Wolters, Maria Klara and Kelly, Fiona and Kilgour, Jonathan},
	journal={Health informatics journal},
	volume={22},
	number={4},
	pages={854--866},
	year={2016},
	publisher={SAGE Publications Sage UK: London, England}
}

@article{fitzpatrick2017delivering,
	title={Delivering cognitive behavior therapy to young adults with symptoms of depression and anxiety using a fully automated conversational agent (Woebot): a randomized controlled trial},
	author={Fitzpatrick, Kathleen Kara and Darcy, Alison and Vierhile, Molly},
	journal={JMIR mental health},
	volume={4},
	number={2},
	year={2017},
	publisher={JMIR Publications Inc.}
}

@article{wittchen2011size,
	title={The size and burden of mental disorders and other disorders of the brain in Europe 2010},
	author={Wittchen, Hans-Ulrich and Jacobi, Frank and Rehm, J{\"u}rgen and Gustavsson, Anders and Svensson, Mikael and J{\"o}nsson, Bengt and Olesen, Jes and Allgulander, Christer and Alonso, Jordi and Faravelli, CLFPJ and others},
	journal={European neuropsychopharmacology},
	volume={21},
	number={9},
	pages={655--679},
	year={2011},
	publisher={Elsevier}
}

@article{williams2008exercise,
	title={Exercise training for depressed older adults with Alzheimer's disease},
	author={Williams, CL and Tappen, RM},
	journal={Aging and Mental Health},
	volume={12},
	number={1},
	pages={72--80},
	year={2008},
	publisher={Taylor \& Francis}
}

@misc{woods2005reminiscence,
	title={Reminiscence therapy for dementia.},
	author={Woods, B and Spector, A and Jones, C and Orrell, M and Davies, S},
	year={2005}
}

@article{ashida2000effect,
	title={The effect of reminiscence music therapy sessions on changes in depressive symptoms in elderly persons with dementia},
	author={Ashida, Sato},
	journal={Journal of music therapy},
	volume={37},
	number={3},
	pages={170--182},
	year={2000},
	publisher={Oxford University Press}
}
